2730 3461
579 383 678 433 DE
710 383 1071 433 VERSIBVS
1097 382 1644 432 ANAPAESTICIS
1677 382 2104 432 PLAVTINIS.

1168 570 1515 614 PRAEFATIO.

458 678 519 718 Ex
543 679 728 718 omnibus
753 678 894 729 quibus
920 678 1084 717 Plautus
1108 691 1196 717 cum
1221 678 1263 717 in
1292 677 1381 717 aliis
1406 677 1560 716 scaenis
1585 680 1668 716 tum
1700 678 1741 716 in
1765 677 1930 716 canticis
1955 679 2172 715 metrorum
2197 676 2392 715 uarietate

292 745 516 796 insignibus
558 759 652 783 usus
687 747 748 783 est
782 745 956 783 numeris
993 759 1167 783 summas
1202 743 1459 782 difficultates
1494 743 1550 781 eis
1586 744 1653 793 qui
1688 744 1843 781 fabulas
1880 742 2085 780 Plautinas
2126 741 2391 779 emendandas

291 812 432 850 curant
449 810 642 862 praebent
661 810 880 862 anapaesti,
903 824 1072 862 quorum
1096 810 1143 849 de
1168 810 1332 849 metrica
1356 808 1667 860 prosodiaeaque.
1692 808 1853 847 licentia
1876 808 1918 846 in
1942 807 2232 846 diuersissimas
2256 809 2390 858 partes

292 878 539 914 secesserunt
567 876 643 914 uiri
673 876 789 915 docti.
835 876 890 914 Et
918 877 1097 926 profecto
1128 876 1195 927 qui
1225 876 1355 913 obiter
1384 875 1564 925 attigerit
1587 888 1750 913 scaenas
1780 875 2057 924 anapaesticas
2082 874 2240 911 infinita
2263 886 2389 922 neque

292 942 411 980 ullius
429 941 511 980 fere
535 941 778 980 condicionis
803 941 973 980 uinculis
997 941 1187 980 adstricta
1210 941 1372 980 licentia
1396 941 1636 991 compositas
1656 940 1718 979 uel
1738 940 1880 979 saltem
1899 939 2068 979 traditas
2093 952 2178 978 esse
2203 938 2278 977 sibi
2302 952 2388 989 per-

290 1005 466 1045 suadeat.
512 1006 652 1057 Itaque
676 1006 821 1045 mirum
844 1020 926 1046 non
950 1008 1010 1045 est
1035 1006 1146 1057 alios,
1170 1019 1247 1059 quo
1271 1006 1312 1044 in
1337 1019 1500 1045 numero
1526 1004 1566 1045 C.
1585 1005 1634 1045 H.
1653 1005 1826 1044 VVeisius
1852 1008 1922 1055 est,
1949 1005 1991 1043 in
2015 1004 2264 1044 concedenda
2288 1003 2387 1042 alios

290 1072 331 1108 111
356 1071 588 1122 deneganda
611 1071 728 1109 uenia
757 1071 875 1109 finem
905 1074 944 1109 et
968 1071 1127 1109 modum
1156 1072 1380 1109 excessisse.
1433 1071 1680 1122 Quamquam
1711 1074 1843 1109 autem
1874 1073 2030 1109 constat
2053 1070 2097 1109 T.
2121 1070 2317 1108 Maecium
2348 1069 2386 1106 in

289 1136 503 1176 condendis
533 1137 759 1188 anapaestis
789 1137 830 1175 in
860 1151 1035 1176 summas
1059 1137 1266 1188 angustias
1291 1137 1504 1177 adductum
1529 1152 1625 1189 esse,
1655 1138 1840 1189 quoniam
1871 1137 2006 1188 lingua
2030 1135 2174 1175 Latina
2197 1135 2265 1174 illo
2290 1138 2388 1173 tem-

289 1216 386 1253 pore
415 1217 505 1241 cum
533 1203 664 1242 minus
695 1206 790 1254 apta
820 1206 926 1242 esset
955 1203 1003 1241 ad
1032 1202 1237 1255 quodlibet
1267 1203 1481 1242 ascendens
1513 1205 1694 1251 metrum,
1725 1204 1894 1241 maxime
1918 1202 2159 1253 repugnauit
2182 1215 2272 1240 cum
2297 1215 2387 1240 ana-

288 1268 464 1319 paestico
500 1283 664 1309 numero
694 1292 747 1297 —
784 1283 884 1321 quae
919 1283 980 1308 res
1018 1269 1248 1308 Terentium
1283 1269 1516 1320 commouit,
1554 1272 1598 1308 ut
1633 1269 1875 1320 asperiorem
1913 1269 2023 1307 illam
2059 1267 2388 1318 compositionem

289 1335 517 1385 repudiaret
549 1357 595 1362 -—-
628 1338 668 1374 et
698 1348 939 1387 quamquam
971 1337 1284 1375 consentaneum
1319 1337 1380 1374 est
1407 1336 1529 1374 tantis
1559 1336 1600 1374 in
1629 1335 1825 1387 angustiis
1855 1337 2082 1373 versantem
2112 1336 2271 1384 po'etam
2301 1334 2390 1384 plus

288 1401 365 1439 sibi
405 1401 591 1439 licentiae
626 1401 842 1440 indulsisse
878 1402 919 1439 111
956 1401 1185 1451 anapaestis
1222 1415 1339 1451 quam
1375 1401 1464 1438 aliis
1499 1401 1541 1438 in
1578 1401 1767 1449 numeris,
1807 1404 1941 1438 tamen
1975 1399 2247 1438 incredibilem
2282 1399 2390 1437 illius

291 1466 430 1504 ueniae
459 1466 626 1518 copiam,
656 1480 734 1517 qua
763 1480 869 1505 nunc
899 1468 1056 1505 scatent
1081 1480 1246 1505 scaenae
1270 1464 1495 1515 Plautinae,
1526 1479 1573 1504 ex
1602 1468 1714 1516 parte
1738 1466 1899 1505 inscitia
1924 1468 1964 1504 et
1992 1464 2248 1516 neglegentia
2271 1464 2388 1503 libra-

290 1531 438 1569 riorum
469 1534 598 1571 ortam
628 1535 668 1571 et
704 1532 951 1583 aequabilius
987 1532 1202 1582 puriusque
1239 1545 1494 1570 numerorum
1525 1530 1800 1570 Plautinorum
1836 1544 1960 1581 genus
1997 1530 2272 1569 oblitteratum
2303 1543 2387 1568 esse

287 1596 369 1634 ueri
398 1610 478 1635 non
509 1600 571 1636 est
599 1597 800 1636 dissimile.

459 1662 544 1708 Quo
575 1664 705 1714 magis
735 1665 867 1702 autem
903 1664 1116 1702 obscurata
1146 1665 1206 1702 est
1236 1663 1478 1713 euanuitque
1509 1663 1700 1702 memoria
1734 1662 1831 1701 artis
1861 1661 2069 1700 Plautinae
2103 1661 2307 1709 metricae,
2343 1674 2389 1698 eo

286 1726 433 1766 clarius
458 1727 589 1767 elucet
618 1728 823 1779 ingenium
853 1729 1122 1780 acerrimaque
1153 1728 1297 1767 mentis
1323 1728 1438 1778 acies,
1467 1727 1609 1779 quibus
1635 1727 1836 1778 praeditus
1861 1727 2109 1766 Godofredus
2134 1725 2387 1764 Hermannus

286 1793 411 1831 totius
441 1793 488 1831 de
519 1794 750 1844 anapaestis
779 1795 1108 1844 perscrutationis
1139 1794 1268 1833 aditus
1297 1794 1496 1844 patefecit.

460 1859 729 1899 Subtilissimo
772 1860 917 1900 iudicio
964 1864 1056 1912 post
1095 1861 1369 1912 Hermannum
1411 1859 1630 1899 Fridericus
1672 1860 1912 1899 Ritschelius
1954 1859 2120 1898 accessit
2166 1858 2215 1897 ad
2262 1861 2387 1896 artem

286 1925 504 1977 metricam,
529 1926 724 1965 minorem
749 1929 883 1965 tamen
906 1927 1063 1966 laudem
1087 1926 1250 1965 meritus
1274 1926 1316 1964 in
1340 1926 1569 1976 anapaestis
1591 1940 1710 1977 quam
1735 1926 1824 1964 aliis
1849 1926 1889 1964 in
1912 1925 2097 1963 numeris.
2134 1923 2209 1969 Qui
2235 1923 2385 1974 primus

289 2003 424 2027 seuere
455 1992 743 2041 segregandam
775 2005 859 2029 esse
890 1992 1088 2030 diuersam
1112 1992 1359 2030 diuersorum
1389 1994 1428 2029 et
1456 1993 1674 2029 metrorum
1698 1994 1737 2029 et
1761 1991 2009 2041 singulorum
2035 1990 2209 2028 eiusdem
2232 1990 2387 2027 numeri

285 2066 476 2104 generum
505 2056 708 2095 licentiam
738 2056 1028 2096 animaduertit.
1085 2056 1160 2095 Sed
1184 2056 1359 2106 inuitus,
1390 2057 1494 2107 quod
1518 2057 1626 2096 omni
1651 2071 1723 2107 ope
1753 2060 1793 2095 et
1823 2070 1945 2107 opera
1974 2056 2123 2095 euitare
2148 2055 2388 2105 enitebatur,

286 2118 490 2158 meliorem
521 2119 567 2158 de
598 2121 798 2171 elegantia
831 2120 1017 2160 Plautina
1051 2122 1093 2159 in
1123 2121 1350 2172 anapaestis
1385 2121 1545 2160 imbibit
1581 2122 1808 2171 opinionem
1839 2135 1958 2172 quam
1993 2124 2038 2159 ut
2073 2120 2386 2171 praeindicatam

287 2184 483 2234 deponere
512 2186 698 2235 potuerit.
757 2185 946 2231 Quamuis
977 2187 1101 2237 igitur
1130 2199 1256 2236 aequo
1287 2186 1421 2224 animo
1452 2199 1615 2236 errores,
1646 2187 1679 2224 si
1709 2187 1851 2236 quibus
1881 2187 2021 2225 ductus
2053 2188 2174 2235 esset,
2207 2185 2385 2223 confiteri

285 2252 325 2288 et
360 2250 501 2289 tollere
538 2250 699 2301 soleret,
733 2253 867 2290 tamen
901 2251 1042 2291 insitas
1077 2254 1334 2302 uetustasque
1370 2252 1420 2290 ab
1456 2253 1682 2303 anapaestis
1719 2254 1758 2290 et
1789 2252 2033 2303 syllabarum
2067 2250 2385 2301 correptionibus

284 2315 548 2366 cogitationes
578 2329 746 2355 auocare
775 2330 857 2355 non
887 2317 1055 2368 contigit
1083 2317 1169 2356 uiro
1198 2317 1519 2367 praeclarissimo
1549 2318 1619 2369 ita,
1648 2320 1692 2356 ut
1719 2318 1792 2355 sub
1823 2318 1953 2368 ipsum
1984 2317 2089 2355 uitae
2119 2317 2237 2354 finem
2267 2315 2384 2354 casti-

284 2383 399 2431 garet
427 2384 736 2432 anapaestorum
773 2385 981 2421 uenatores
1018 2383 1263 2422 ardentiores
1293 2383 1568 2433 pruritumque
1604 2383 1902 2433 anapaesticum
1938 2383 1979 2421 in
2015 2382 2284 2432 disputatione
2314 2381 2384 2420 illa

287 2459 387 2495 quae
413 2446 642 2485 inscribitur
665 2447 937 2497 Ploiloloyische
967 2448 1420 2488 Unverstaendlichkeiten
1446 2448 1563 2498 (Mus.
1587 2448 1711 2487 Rhen.
1735 2447 1884 2497 XXXI,
1912 2448 2026 2497 1876,
2054 2461 2090 2497 p.
2115 2448 2194 2485 530
2224 2460 2307 2497 sqq.
2333 2465 2383 2477 =

284 2523 422 2561 opusc.
452 2510 512 2549 III
541 2525 579 2563 p.
613 2512 690 2550 144
720 2510 833 2564 sqq).
1328 2517 1330 2519 ’

451 2575 657 2616 Seueriore
686 2578 727 2615 in
756 2578 880 2617 libros
918 2580 1211 2630 manuscriptos
1247 2580 1501 2619 obseruantia
1534 2580 1641 2619 haud
1670 2579 1853 2630 exiguam
1891 2581 2045 2628 partem
2076 2580 2385 2628 anapaestorum

287 2641 564 2681 Plautinorum
598 2642 768 2682 feliciter
806 2645 966 2683 sanauit
995 2644 1216 2684 Guilelmus
1247 2644 1541 2685 Studemundus
1578 2646 1814 2696 praeceptor
1843 2656 1969 2694 meus,
2004 2643 2114 2682 cuius
2154 2642 2201 2681 de
2231 2642 2383 2681 meritis

287 2707 527 2759 discipulum
555 2723 637 2748 non
666 2709 777 2749 decet
805 2709 963 2761 longius
994 2710 1198 2751 disserere.

450 2774 651 2814 Acerrime
682 2775 858 2814 omnium
882 2776 1150 2827 quaestionem
1177 2777 1289 2817 illam
1313 2778 1506 2818 lubricam
1529 2791 1656 2828 nuper
1678 2776 1911 2816 retractauit
1936 2775 1976 2815 C.
2002 2776 2043 2815 F.
2068 2776 2131 2815 W.
2155 2775 2385 2827 Muellerus,

288 2839 454 2890 quinon
473 2840 661 2879 mediocri
680 2841 830 2892 ingenii
854 2842 893 2879 ui
917 2842 1120 2891 praeditus
1144 2846 1184 2880 et
1207 2843 1388 2882 codicum
1412 2844 1498 2890 fide,
1526 2846 1567 2880 ut
1590 2856 1662 2892 par
1686 2845 1756 2888 est,
1782 2842 1892 2879 nisus
1917 2853 2106 2892 magnam
2132 2842 2385 2880 resuscitauit

284 2905 597 2943 controuersiam
621 2906 669 2944 de
698 2906 858 2945 licentia
888 2910 955 2945 aut
985 2907 1139 2957 legibus
1168 2910 1310 2958 poetae
1340 2907 1602 2946 uindicandis.
1655 2906 1730 2945 Sed
1759 2908 1941 2957 quamuis
1971 2920 2052 2945 non
2082 2921 2209 2956 pauca
2239 2921 2386 2958 eorum,

283 2984 384 3022 quae
414 2970 474 3009 uir
502 2970 568 3010 ille
598 2970 850 3011 doctissimus
880 2971 926 3011 de
956 2972 1071 3011 metri
1102 2973 1345 3024 anapaestici
1382 2975 1524 3012 natura
1554 2973 1710 3023 statuit,
1746 2973 2013 3023 suspicionem
2044 2977 2250 3024 moueant,
2280 2973 2384 3012 haud
