2730 3461
1196 263 1500 306 —11-

492 458 592 499 Cum
633 458 949 511 septenariorum
985 473 1065 499 una
1100 458 1168 499 sed
1204 473 1251 499 ea
1289 458 1636 510 praestantissima
1682 472 1824 499 scaena
1864 458 2053 510 praebeat
2090 461 2239 499 certam
2278 461 2396 500 ratio-

296 524 454 565 cinandi
482 524 603 574 uiam,
631 537 710 575 qua
732 524 782 562 ab
813 524 1030 575 exploratis
1059 524 1259 575 profectus
1289 524 1338 563 ad
1368 524 1611 574 exploranda
1638 524 1769 575 possis
1798 523 1998 576 progredi,
2027 537 2110 563 non
2138 538 2262 575 aeque
2292 525 2396 564 felici

295 603 389 631 casu
418 589 567 629 utimur
602 589 645 628 in
680 589 861 629 uersibus
897 589 1130 640 octonariis,
1166 589 1233 641 qui
1267 592 1313 629 ut
1343 601 1460 640 saepe
1490 589 1659 629 immixti
1695 592 1789 628 sunt
1818 590 2057 640 septenariis
2088 590 2146 629 ita
2174 601 2264 629 raro
2294 587 2395 629 κατὰ

295 656 436 706 στίχον
464 655 675 705 compositi
704 656 896 706 perpetua
924 654 1025 693 serie
1055 654 1277 693 decurrunt.
1334 653 1475 705 Itaque
1510 654 1552 692 hi
1585 654 1717 706 legum
1747 655 2115 706 cognoscendarum
2156 654 2286 693 minus
2315 667 2395 693 cer-

295 723 377 759 tam
411 720 604 770 praebent
643 733 793 757 ansam.
860 720 1057 771 Longiore
1098 722 1231 758 autem
1271 720 1372 758 serie
1410 719 1704 758 octonariorum
1745 721 1969 770 composita
2010 722 2071 758 est
2111 720 2151 758 in
2189 720 2398 758 Aulularia

295 798 437 824 scaena
464 798 572 825 nona
601 786 712 824 actus
741 783 885 836 quarti,
914 783 963 824 ad
993 798 1112 836 quam
1142 783 1389 824 Godofredus
1418 783 1675 824 Hermannus
1704 784 1772 824 uix
1802 784 1900 824 satis
1937 784 2202 836 probabiliter
2239 784 2395 824 rettulit

295 850 338 889 L.
362 849 537 890 Cornelii
568 849 757 889 Sisennae
787 849 995 889 iudicium:
1029 849 1161 900 „Haec
1191 862 1334 889 scaena
1363 850 1616 903 anapaestico
1645 853 1772 890 metro
1807 854 1884 902 est3
1921 852 1988 891 sed
2018 851 2178 891 concisa
2208 853 2318 901 sunt,
2353 854 2397 890 ut

293 929 374 954 non
413 915 648 968 intellegas“
687 914 875 966 (Sisenna
915 915 1019 966 apud
1060 915 1248 954 Rufinum
1295 929 1435 956 comm.
1481 917 1523 955 in
1563 918 1690 955 metra
1724 916 1961 955 Terentiana
2000 931 2037 968 p.
2073 917 2150 956 561
2189 915 2247 954 ed.
2277 914 2395 966 Keil).

294 981 547 1021 Hermannus
576 981 687 1021 elem.
717 980 837 1021 doctr.
862 983 974 1020 metr.
1003 994 1041 1031 p.
1059 981 1136 1020 411
1168 981 1317 1032 primos
1346 995 1489 1022 nouem
1528 995 1664 1022 uersus
1694 981 1802 1021 solos
1832 982 2108 1034 anapaestieos
2137 984 2395 1022 tetrametros

295 1061 381 1087 esse
413 1047 541 1088 uoluit
567 1061 690 1100 „quos
719 1049 935 1099 sequantur
963 1046 1123 1087 iambici
1152 1050 1233 1087 tres
1257 1048 1452 1088 octonarii
1477 1062 1654 1100 unusque
1684 1048 1942 1100 septenarius,
1971 1047 2111 1088 deinde
2140 1061 2277 1088 uersus
2302 1061 2394 1087 aua·

293 1114 492 1165 paesticus
512 1113 830 1165 Aristophaneus
860 1116 900 1151 et
928 1113 1228 1164 paroemiacus“
1249 1109 1385 1164 nimia,
1415 1116 1459 1152 ut
1481 1114 1649 1165 uidetur,
1677 1127 1863 1153 concessa
1886 1127 2139 1153 numerorum
2163 1114 2396 1152 mutatione.

294 1180 546 1230 Anapaestos
587 1191 712 1229 usque
747 1178 796 1217 ad
827 1178 1031 1217 Euclionis
1067 1178 1278 1217 uerborum
1313 1179 1432 1217 finem
1467 1179 1719 1217 continuauit
1749 1179 1791 1217 Ο.
1823 1178 2038 1229 Seyffertus
2065 1178 2208 1217 Philol.
2239 1177 2395 1216 XXVII

294 1259 332 1294 p.
362 1244 443 1283 438
473 1246 581 1283 recto
616 1244 658 1282 in
692 1244 920 1282 uniuersum
955 1257 1049 1282 usus
1084 1243 1240 1283 iudicio.
1302 1244 1555 1294 Anapaestos
1589 1258 1716 1294 nuper
1745 1244 1956 1295 descripsit
1989 1244 2108 1283 etiam
2141 1243 2320 1294 Wagner
2354 1243 2395 1282 in

294 1299 466 1349 editione
497 1322 530 1348 a.
563 1309 667 1348 1876
696 1308 845 1359 publici
875 1308 971 1347 iuris
1000 1309 1117 1348 facta.

964 1412 1107 1446 Aulul.
1137 1406 1195 1445 IV
1225 1407 1262 1454 9,
1295 1407 1426 1446 1—14
1457 1406 1722 1459 (705—719).

319 1495 333 1524 1
352 1490 445 1530 (705)
491 1485 639 1524 Euclio.
660 1483 794 1535 {Perii,
812 1481 958 1533 interii,
982 1483 1123 1522 6ccidi!
1142 1484 1219 1534 quo
1239 1483 1422 1531 curram?
1441 1497 1517 1534 quo
1535 1483 1616 1522 non
1634 1483 1789 1522 curram
1801 1483 1821 1521 ‘?
1842 1484 1845 1535 Ι
1869 1487 1971 1535 tene,
1988 1484 2096 1522 tene!
2114 1485 2257 1534 quem?
2277 1483 2394 1534 quis?

490 1558 648 1624 Nescio,
676 1572 733 1610 nil
763 1570 896 1610 uideo:
925 1570 1065 1610 caecus
1095 1584 1141 1611 eo
1171 1571 1287 1622 atque
1313 1570 1317 1622 Ι
1344 1570 1526 1622 equidem
1555 1585 1633 1623 quo
1663 1585 1750 1611 eam
1780 1574 1850 1611 atit
1878 1572 1946 1611 ubi
1976 1571 2053 1610 sim
2084 1573 2153 1610 mit
2180 1571 2246 1622 qui
2276 1568 2388 1619 ssm,f

315 1649 334 1676 3
491 1638 655 1690 Nequeo
686 1651 773 1677 cum
803 1636 936 1676 animo
966 1638 1117 1675 certum
1140 1635 1402 1688 inuestigare:
1432 1637 1597 1676 obsecro
1627 1636 1698 1675 uos
1729 1650 1815 1688 ego,
1844 1637 1899 1675 mi
1929 1636 2076 1676 auxilio

491 1703 582 1755 Oro,
611 1703 801 1753 6btest6r,
830 1699 917 1740 sitis
947 1703 987 1740 et
1015 1701 1218 1740 hominem
1248 1700 1524 1741 demonstretis
1554 1702 1624 1754 qui
1652 1715 1739 1741 eam
1770 1701 1991 1741 abstulerit.

317 1779 336 1807 5
492 1769 594 1815 Quid
624 1769 711 1807 est?
741 1766 832 1818 quid
861 1767 1024 1805 ridetis?
1054 1768 1148 1805 noui
1178 1768 1331 1806 omnes:
1361 1767 1443 1806 scio
1472 1768 1580 1806 fures
1610 1768 1695 1806 esse
1725 1768 1789 1806 hic
1818 1768 2051 1818 e6mp1ur6s‚

491 1834 568 1880 Qui
597 1834 745 1873 uestitu
775 1834 815 1871 et
844 1835 952 1871 creta
981 1833 1184 1872 6ccu1t21nt
1213 1846 1299 1872 sese
1329 1834 1446 1884 {itque
1476 1832 1614 1872 sedent
1644 1833 1757 1884 quasi
1788 1831 1867 1871 sint
1895 1830 2012 1883 frugi.

317 1911 334 1939 7
493 1899 593 1945 Quid
623 1897 683 1937 ais
713 1898 784 1936 tu?
812 1896 888 1936 t1'bi
918 1897 1074 1936 credere
1104 1900 1310 1937 certumst:
1339 1912 1432 1938 nam
1461 1899 1548 1937 esse
1576 1898 1725 1937 bonum
1756 1911 1802 1936 ex
1832 1898 1942 1936 uoltu
1970 1898 2179 1948 cognosco.

598 1963 712 2015 Hem,
741 1964 855 2002 nemo
885 1963 1006 2001 habet
1034 1963 1203 2002 horum?
1232 1961 1422 2002 occidisti.
1468 1963 1529 2002 dic
1557 1961 1692 2015 igitur,
1721 1962 1806 2014 quis
1836 1962 1984 2001 habet?
2014 1961 2171 2000 nescis?

315 2042 333 2070 9
490 2030 578 2068 Heu
609 2031 671 2067 me
700 2030 842 2066 misere
870 2028 1071 2077 miserum,
1099 2027 1216 2078 perii:
1246 2029 1348 2066 male
1377 2026 1591 2079 perditu(s)
1620 2029 1802 2078 pessume
1832 2028 1995 2065 ornatus
2026 2029 2091 2064 eo:

296 2129 334 2156 10
489 2117 660 2154 Tantum
688 2116 828 2165 gemiti
856 2116 895 2152 et
923 2115 1052 2152 malae
1081 2115 1303 2152 maestitiae
1331 2116 1385 2152 mi
1414 2115 1478 2152 hic
1508 2104 1591 2152 dsss
1621 2115 1779 2164 optulit,
1807 2115 1953 2151 famem
1982 2117 2024 2151 et
2052 2114 2292 2163 pauperiem.

295 2195 331 2221 11
653 2179 961 2219 Perditissumus
990 2180 1064 2230 ego
1095 2193 1182 2218 sum
1212 2177 1390 2218 omnffim
1416 2179 1422 2228 Ι
1447 2178 1488 2218 sn
1516 2180 1640 2218 terra:

294 2257 333 2287 12
488 2244 594 2285 Nam
622 2243 717 2296 quid
745 2244 800 2283 mi
830 2245 947 2295 opust
975 2242 1060 2282 usta
1089 2243 1157 2295 qui
1183 2245 1340 2283 tantum
1370 2243 1454 2283 auri
1479 2241 1485 2295 Ι
1510 2242 1675 2295 perdidi,
1704 2243 1808 2295 quod
1838 2241 2037 2283 custddiul'

295 2324 334 2352 13
490 2308 698 2363 Sed(u)lo?
728 2310 885 2361 egomet
913 2309 976 2347 me
1004 2307 1237 2347 defrauidaui
1259 2308 1264 2359 Ι
1291 2310 1543 2360 animumque
1572 2310 1704 2347 metim
1733 2309 1971 2360 geniumque
2000 2310 2147 2347 metim:

295 2389 333 2417 14
685 2375 801 2414 Nune
830 2376 877 2413 ἑο
907 2363 977 2413 affl
1004 2375 1324 2424 1<a>6tifieentur
1350 2376 1354 2425 ι

296 2455 333 2483 15
684 2441 774 2482 Μὲὂ
804 2441 908 2481 malo
939 2444 979 2480 et
1009 2440 1171 2481 damno:
1205 2441 1291 2492 pati
1321 2442 1482 2493 nequeo.

488 2574 598 2606 Linea
621 2574 623 2614 ζ
643 2573 839 2615 siqnificaui
860 2582 1018 2604 uersuum
1041 2573 1079 2604 in
1100 2572 1134 2604 B
1147 2571 1222 2604 DJ
1241 2572 1442 2604 diuisionem
1459 2582 1481 2603 a
1503 2574 1620 2604 nostra
1637 2572 1876 2613 discrepantem
1999 2573 2012 2600 1
2039 2579 2105 2600 non
2130 2569 2163 2599 B
2176 2568 2218 2608 J,
2248 2578 2338 2599 nunc
2352 2567 2388 2599 D

291 2633 311 2661 4
334 2628 393 2669 qui
417 2628 460 2670 J,
489 2626 566 2669 quis
594 2627 693 2667 BD,
722 2625 799 2667 quis
824 2626 859 2658 0.
885 2625 928 2657 F.
959 2625 1010 2657 W.
1037 2626 1183 2659 Mueller
1210 2625 1304 2658 Pros.
1330 2625 1384 2657 Pl.
1409 2636 1445 2667 p.
1477 2629 1523 2658 52
1552 2627 1563 2665 ss
1594 2625 1714 2658 Versus
1747 2626 1807 2666 qui
1835 2624 1930 2657 nobis
1957 2623 2096 2664 quintus
2123 2625 2170 2655 est
2199 2622 2321 2663 leyitur
2349 2622 2389 2653 in

290 2683 324 2715 B
337 2682 414 2715 DJ
430 2686 508 2725 post
530 2692 562 2714 u.
590 2685 617 2714 7.
762 2683 781 2712 5
805 2678 889 2721 quid
912 2678 1033 2711 ridetis
1055 2680 1089 2720 J,
1113 2679 1205 2721 quod
1227 2678 1348 2713 ridetis
1370 2680 1415 2718 B,
1439 2678 1522 2721 quid
1546 2679 1710 2712 deridetis
1735 2680 1769 2711 D
1895 2681 1911 2709 7
1939 2675 2028 2716 Quid
2051 2676 2084 2708 B
2100 2676 2143 2717 D,
2168 2675 2245 2717 quis
2269 2676 2298 2708 J
2328 2676 2384 2718 ex]

292 2738 327 2768 et
352 2736 472 2768 BDJ
600 2740 620 2767 8
644 2734 707 2765 Em
730 2734 812 2765 BD
927 2738 947 2765 9
978 2733 1101 2765 misere
1131 2733 1293 2766 miserum
1325 2735 1429 2767 Oscar
1456 2734 1614 2775 Seyffert,
1643 2733 1805 2765 miserum
1840 2731 2001 2763 miserum
2029 2730 2193 2770 BbDJ,
2223 2730 2389 2762 miserum

291 2790 454 2823 miserum
476 2789 599 2822 misere
623 2789 671 2822 Bb
794 2791 833 2821 10
856 2786 979 2829 gemiti
1003 2787 1138 2821 Nonius
1161 2790 1240 2828 487,
1264 2790 1309 2821 21
1334 2790 1364 2821 et
1387 2786 1587 2820 Priscianus
1609 2787 1686 2820 inst.
1710 2786 1765 2819 VI
1787 2789 1841 2826 73,
1864 2783 1975 2827 gemit
1997 2785 2032 2817 te
2056 2784 2124 2826 Ba,
2153 2783 2297 2829 gemitig*
2321 2784 2389 2826 Bb,

291 2844 435 2885 gemitte
465 2845 518 2885 D,
558 2843 688 2884 gemite
713 2843 742 2875 J
784 2842 895 2873 malae
930 2840 1126 2873 maestitiae
1158 2841 1376 2881 Priscianus,
1411 2840 1495 2872 mali
1518 2840 1691 2872 mestitiae
1714 2841 1779 2880 Ba,
1810 2839 1893 2871 mali
1923 2838 2165 2879 mestitiaeque
2196 2839 2270 2879 13¹1,
2305 2839 2389 2871 mali

291 2897 510 2947 magestitiae
534 2897 586 2938 D,
608 2896 692 2930 mali
715 2895 910 2929 maestitiae
934 2895 963 2928 J
989 2899 1020 2928 et
1043 2894 1180 2928 Nonius
1203 2896 1215 2937 11
1242 2894 1327 2927 mihi
1350 2894 1406 2927 hic
1429 2893 1502 2926 dies
1526 2894 1663 2928 Nonius
1685 2898 1715 2927 et
1740 2894 1959 2934 Priscianus,
1982 2892 2038 2925 hie
2064 2891 2137 2925 dies
2162 2891 2248 2924 mihi
2271 2892 2305 2925 B
2318 2892 2395 2926 DJ

294 2958 332 2986 12
362 2963 448 2994 opus
478 2954 532 2985 est
558 2952 681 2985 BDJ
703 2953 715 2993 ΙΙ
748 2952 869 2985 Versus
898 2952 935 2983 in
962 2950 991 2982 J
1009 2950 1078 2983 solo
1107 2960 1175 2983 mm
1201 2953 1280 2991 post
1308 2948 1461 2981 omnium
1484 2949 1683 2981 terminatur
1705 2949 1761 2980 sed
1779 2951 1857 2990 post
1880 2950 1974 2980 terra
2002 2949 2014 2989 fl
2039 2946 2214 2980 custodiui
2238 2948 2282 2989 J,
2311 2958 2386 2980 con-

292 3006 464 3041 custodiui
487 3007 531 3049 B,
555 3006 785 3040 concustidiui
807 3006 844 3039 D
934 3010 972 3038 13
996 3015 1051 3038 me
1074 3004 1233 3038 fraudaui
1252 3005 1280 3038 J
1335 3008 1373 3037 15
1397 3003 1475 3036 Mea
1498 3003 1534 3035 D

2081 3057 2126 3089 2*
