2730 3461
318 416 447 452 pauca
487 416 576 442 eum
617 402 882 454 probabiliter
922 402 1168 453 perspexisse
1210 402 1341 453 quiuis
1380 402 1585 452 concedet,
1626 402 1692 453 qui
1732 402 1950 442 lectionem
1992 418 2247 445 numerorum
2285 404 2431 443 duritia

319 467 603 518 impeditorum
633 467 876 507 sustinuerit.

484 533 680 583 Perpetua
716 536 866 583 autem,
906 547 987 572 non
1017 534 1128 572 breui
1165 536 1283 585 atque
1327 532 1487 571 concisa
1523 533 1754 583 quaestione
1789 533 1837 571 de
1867 546 2056 571 uersuum
2087 535 2431 585 anapaesticorum

320 599 617 637 constructione
648 612 737 637 cum
767 598 981 638 nemodum
1012 599 1190 638 uirorum
1222 599 1428 638 doctorum
1452 597 1746 650 quaesiuerit¹),
1775 599 1860 649 ipse
1885 599 1962 638 tiro
1987 599 2131 650 quibus
2156 601 2308 640 normis
2333 601 2431 651 legi—

320 664 470 714 busque
511 664 809 715 circumscripta
849 664 970 703 fuerit
1011 665 1080 703 illa
1114 665 1277 703 licentia
1317 665 1514 716 indagare
1552 667 1669 715 atque
1715 664 1787 702 sub
1828 678 1949 703 unum
1988 668 2246 716 conspectum
2283 679 2431 716 ponere

320 729 510 779 conabor,
546 729 587 767 in
617 742 704 768 eam
741 744 851 781 spem
887 730 1110 781 ingressus,
1146 745 1223 782 quo
1262 731 1389 783 magis
1429 730 1583 782 negotii
1619 729 1804 768 exhibeat
1839 730 1908 768 illa
1938 730 2163 781 disciplina,
2197 744 2243 769 eo
2274 731 2431 771 facilius

319 796 597 834 liberationem
622 796 762 846 culpae
791 797 1100 846 impetraturum
1125 811 1187 835 me
1213 812 1309 846 esse,
1334 798 1367 836 si
1393 797 1485 847 quid
1510 797 1551 835 in
1576 796 1811 847 indagandis
1837 797 1991 848 legibus
2011 797 2267 848 peccauerim.
2307 797 2430 837 Felici

321 875 414 900 uero
445 874 539 901 casu
564 861 733 912 contigit
756 861 868 912 mihi,
897 864 955 912 ut,
986 862 1079 902 dum
1103 862 1366 915 Argentorati
1392 862 1505 916 dego,
1534 862 1578 902 G.
1603 860 1898 901 Studemundus
1927 862 2219 911 liberalissime,
2248 865 2293 902 ut
2316 864 2429 915 solet,

320 941 472 966 mecum
503 928 813 968 communicaret
843 928 1021 966 codicum
1051 928 1329 966 Plautinorum
1362 930 1400 967 A
1419 929 1460 967 B
1479 927 1620 968 CDJ
1640 928 1831 966 lectiones
1861 928 1911 966 ab
1942 928 2029 978 ipso
2060 931 2251 967 enotatas.

484 992 560 1031 Sed
589 1007 638 1031 ne
668 994 878 1043 praecipiti
908 1007 952 1031 ac
983 994 1135 1031 lubrica
1164 994 1230 1031 uia
1260 995 1446 1045 progredi
1478 994 1701 1043 uideamur,
1741 994 1791 1031 ab
1821 993 1877 1032 eis
1908 994 2063 1032 scaenis
2094 994 2253 1033 initium
2282 995 2428 1033 facien·

319 1058 411 1097 dum
436 1060 507 1109 est,
537 1071 636 1109 quae
661 1057 842 1110 longiore
868 1058 967 1097 serie
992 1071 1179 1097 uersuum
1204 1055 1304 1097 κατὰ
1331 1060 1473 1110 στίχον
1497 1059 1757 1109 repetitorum
1782 1058 1959 1109 insignes
1987 1060 2090 1108 sunt,
2114 1058 2216 1098 unde
2239 1058 2427 1098 facillime

318 1124 412 1174 quid
441 1138 503 1162 res
534 1124 637 1162 ferat
665 1124 894 1174 perspicias.
941 1124 1093 1162 Deinde
1124 1124 1461 1175 progrediendum
1492 1124 1568 1162 erit
1597 1125 1646 1162 ad
1677 1137 1743 1162 eas
1774 1137 1952 1170 scaenas,
1982 1137 2081 1174 quae
2111 1125 2186 1162 etsi
2215 1138 2295 1162 non
2324 1123 2425 1162 κατὰ

319 1191 459 1239 στίχον
490 1189 718 1239 decurrunt,
749 1189 815 1228 sed
845 1189 909 1228 hic
938 1190 1019 1228 illic
1050 1189 1139 1228 aliis
1171 1190 1309 1228 metris
1340 1191 1566 1237 uariantur,
1595 1191 1728 1228 tamen
1757 1193 1865 1227 certo
1896 1202 1973 1240 quo
2004 1188 2177 1228 traditae
2208 1191 2301 1227 sunt
2329 1192 2428 1228 tam-

320 1268 440 1306 quam
453 1268 570 1293 cursu
584 1268 629 1293 ac
642 1255 791 1294 leuiore
806 1255 1025 1306 scripturae
1039 1255 1324 1306 deprauatione
1340 1255 1534 1295 minorem
1549 1255 1727 1294 obiciunt
1740 1254 2043 1293 dubitationem.
2062 1254 2284 1293 Excludam
2296 1256 2428 1293 autem

320 1322 360 1358 in
381 1335 567 1371 praesens
585 1335 721 1359 omnes
740 1335 807 1360 eos
828 1335 977 1371 uersus,
1002 1321 1068 1371 qui
1084 1322 1252 1371 sparsim
1273 1322 1414 1360 inserti
1433 1322 1598 1360 canticis
1618 1320 1805 1359 metiendi
1824 1321 1977 1359 ratione
1997 1320 2117 1359 dubia
2135 1321 2176 1359 in
2195 1323 2429 1371 anapaesto-

321 1400 405 1424 rum
423 1386 581 1437 quidem
595 1386 766 1425 formam
781 1387 869 1438 cogi
883 1389 1062 1437 possunt,
1080 1387 1147 1425 sed
1161 1401 1240 1426 non
1253 1390 1402 1426 certam
1416 1388 1523 1438 leges
1537 1389 1845 1437 anapaestorum
1858 1386 2122 1437 cognoscendi
2136 1386 2288 1424 faciunt
2300 1386 2429 1425 fidem.

492 1453 636 1490 Totam
656 1453 703 1490 de
729 1454 959 1503 anapaestis
985 1454 1269 1503 quaestionem,
1293 1467 1342 1491 ne
1367 1454 1512 1491 iterum
1535 1455 1708 1490 tractare
1733 1465 1836 1501 quae
1857 1451 1937 1490 iam
1961 1452 2213 1503 attigerimus
2234 1454 2429 1502 oporteat,

321 1518 360 1555 in
393 1517 491 1555 duas
521 1520 654 1567 partes
685 1517 871 1567 diuidam,
899 1518 1032 1568 priore
1062 1518 1102 1556 in
1133 1517 1262 1568 capite
1292 1518 1658 1568 comprehensurus
1688 1516 1810 1555 uerba
1840 1516 2057 1567 scriptoris,
2086 1516 2128 1554 in
2160 1516 2286 1555 altero
2318 1516 2426 1567 leges

318 1595 365 1620 ex
415 1582 547 1620 uerbis
594 1581 760 1621 haustas
812 1582 1092 1633 explicaturus
1157 1582 1284 1629 Quam
1332 1583 1709 1622 commentationem
1751 1595 1839 1621 cum
1880 1583 2008 1620 totam
2049 1582 2089 1619 in
2130 1584 2427 1632 programmate

319 1648 480 1686 scholae
505 1648 621 1686 huius
652 1648 788 1698 oppidi
818 1649 966 1698 publici
996 1649 1092 1686 iuris
1123 1649 1254 1687 facere
1285 1649 1325 1686 in
1356 1649 1492 1686 animo
1523 1649 1622 1686 mihi
1652 1650 1770 1697 esset,
1802 1650 1937 1685 tamen
1966 1648 2199 1698 urgentibus
2230 1648 2359 1697 operis
2389 1651 2429 1685 et

319 1713 445 1751 otium
475 1717 515 1752 et
544 1714 635 1752 libri
667 1727 728 1752 me
758 1713 986 1753 defecerunt
1015 1715 1083 1764 ita,
1112 1717 1157 1753 ut
1186 1715 1228 1752 in
1258 1714 1347 1764 ipsa
1376 1714 1613 1753 tractatione
1645 1712 1837 1752 materiae
1867 1713 1945 1751 iam
1975 1714 2094 1751 antea
2118 1712 2307 1752 collectae
2337 1712 2427 1751 sub-

318 1778 459 1818 sistere
490 1792 652 1830 cogerer
681 1793 729 1818 ne
760 1780 890 1831 priore
919 1779 1077 1831 quidem
1107 1779 1237 1830 capite
1268 1779 1316 1818 ad
1347 1779 1466 1817 finem
1496 1778 1700 1829 perducto.
1756 1777 1968 1829 Reliquam
1993 1780 2124 1816 autem
2154 1779 2309 1829 partem
2340 1791 2428 1816 cum

317 1844 463 1894 prioris
494 1845 635 1895 capitis
665 1847 750 1883 tum
781 1846 905 1883 totius
935 1846 1062 1884 libelli
1092 1845 1321 1896 propediem
1352 1845 1505 1883 editum
1535 1844 1583 1882 iri
1613 1857 1738 1894 spero.

482 1910 527 1948 In
557 1910 854 1949 dinumerandis
890 1911 1070 1949 uersibus
1102 1910 1230 1949 Plauti
1266 1911 1493 1948 fabularum
1539 1909 1733 1948 editiones
1769 1911 1927 1959 praeter
1961 1922 2103 1948 nouem
2135 1909 2427 1948 Ritschelianus

317 1978 476 2014 secutus
506 1989 594 2014 sum
624 1975 715 2014 has:

1048 2030 1191 2080 Amph.

1042 2096 1141 2133 ltud.

1045 2161 1155 2199 Asin.
1217 2165 1227 2242 Ι

1048 2226 1162 2275 Epid.
1242 2226 1300 2264 ed.
1331 2226 1376 2263 G.
1407 2226 1543 2263 (metz.

1045 2292 1198 2330 (Jureul.

1217 2034 1301 2132 }ed.
1332 2063 1378 2099 A.
1409 2062 1647 2100 Fleckeisen.

1049 2359 1233 2410 l'oenul.[

1045 2424 1176 2462 casin.
1220 2411 1229 2461 Ῑ

1047 2490 1162 2539 Capt.
1252 2488 1308 2526 ed.
1341 2488 1412 2526 lul.
1444 2487 1550 2524 Brix.

1048 2556 1180 2593 Aulul.
1250 2555 1306 2592 ed.
1341 2554 1401 2591 W.
1434 2553 1623 2602 Wagner.

1047 2619 1198 2658 Cistell.
1267 2620 1325 2658 ed.
1355 2619 1594 2658 Gronouius.

1046 2685 1201 2724 Trucul.
1243 2686 1300 2724 ed.
1332 2686 1378 2724 A·
1409 2685 1594 2736 Spengel.

1246 2390 1302 2428 cd.
1333 2391 1376 2429 U.
1407 2390 1452 2428 Ε.
1483 2390 1668 2439 Ueppcrt.

495 2795 517 2834 ¹)
544 2794 593 2825 Ea.
612 2804 699 2833 quae
719 2794 760 2825 dc
780 2804 939 2825 uersuum
960 2793 1075 2825 Plauti
1094 2794 1394 2834 anapaesticorum
1416 2792 1578 2835 prosodia
1597 2792 1790 2833 nuperrime
1809 2792 2007 2832 exposuisse
2026 2792 2061 2823 1¹.
2076 2791 2112 2822 E.
2129 2791 2424 2831 Sonnvnburginm

318 2849 485 2889 comperi,
509 2848 661 2879 nondum
686 2847 833 2887 contigit
858 2848 941 2880 mihi
966 2849 1003 2879 ut
1025 2848 1099 2888 ipsc
1123 2848 1365 2880 examinarem.

483 2937 632 2989 Scripsi
662 2937 886 2976 Theodonis
917 2938 1037 2976 uillae
1068 2952 1200 2976 mense
1231 2937 1345 2977 lunio
1376 2937 1471 2976 anni
1506 2934 1867 2975 MDCUCLXXXJ.

1272 3007 1274 3010 ⁵
1731 3017 1980 3067 Georgius
2015 3017 2159 3058 Voss.
